@article{Hevner2004,
  author = {Hevner, Alan R. and March, Salvatore T. and Park, Jinsoo and Ram, Sudha},
  title = {Design Science in Information Systems Research},
  journal = {MIS Quarterly},
  volume = {28},
  number = {1},
  pages = {75--105},
  year = {2004},
  month = {3},
  doi = {10.2307/25148625}
}

@article{Peffers2007,
  author = {Peffers, Ken and Tuunanen, Tuure and Rothenberger, Marcus A. and Chatterjee, Samir},
  title = {A Design Science Research Methodology for Information Systems Research},
  journal = {Journal of Management Information Systems},
  volume = {24},
  number = {3},
  pages = {45--77},
  year = {2007},
  doi = {10.2753/MIS0742-1222240302}
}

@article{Venable2016,
  author = {Venable, John R. and Pries-Heje, Jan and Baskerville, Richard L.},
  title = {FEDS: A Framework for Evaluation in Design Science Research},
  journal = {European Journal of Information Systems},
  year = {2016},
  volume = {25},
  number = {1},
  pages = {77--89},
  doi = {10.1057/ejis.2014.36}
}

@article{Gregor2007,
  author = {Gregor, Shirley and Jones, David},
  title = {The Anatomy of a Design Theory},
  journal = {Journal of the Association for Information Systems},
  year = {2007},
  volume = {8},
  number = {5},
  pages = {312--335},
  doi = {10.17705/1jais.00129}
}

@book{Friedman2009,
  author = {Friedman, Jerome and Hastie, Trevor and Tibshirani, Robert},
  title = {The Elements of Statistical Learning: Data Mining, Inference, and Prediction},
  edition = {2nd},
  publisher = {Springer},
  year = {2009}
}

@book{Kuhn2019,
  author = {Kuhn, Max and Johnson, Kjell},
  title = {Feature Engineering and Selection: A Practical Approach for Predictive Models},
  publisher = {Chapman and Hall/CRC},
  year = {2019},
  edition = {1st},
  doi = {10.1201/9781315108230}
}

@book{Tukey1977,
  author = {Tukey, John Wilder},
  title = {Exploratory Data Analysis},
  publisher = {Addison-Wesley Publishing Company},
  year = {1977},
  isbn = {0201076160}
}

@techreport{Chapman2000,
  author = {Chapman, Pete and Clinton, Julian and Kerber, Randy and Khabaza, Thomas 
           and Reinartz, Thomas and Shearer, Colin and Wirth, Rüdiger},
  title = {CRISP-DM 1.0: Step-by-step data mining guide},
  organization = {CRISP-DM Consortium},
  year = {2000}
}

@book{Box2015,
  author = {Box, George E. P. and Jenkins, Gwilym M. and Reinsel, Gregory C. 
           and Ljung, Greta M.},
  title = {Time Series Analysis: Forecasting and Control},
  edition = {5th},
  publisher = {John Wiley \& Sons},
  year = {2015},
  isbn = {978-1118675021}
}

@article{Cleveland1979,
  author = {Cleveland, William S.},
  title = {Robust Locally Weighted Regression and Smoothing Scatterplots},
  journal = {Journal of the American Statistical Association},
  volume = {74},
  number = {368},
  pages = {829--836},
  year = {1979},
  doi = {10.1080/01621459.1979.10481038}
}
@inproceedings{Ke2017,
  author = {Ke, Guolin and Meng, Qi and Finley, Thomas and Wang, Taifeng and Chen, Wei and Ma, Weidong and Ye, Qiwei and Liu, Tie-Yan},
  title = {LightGBM: A Highly Efficient Gradient Boosting Decision Tree},
  booktitle = {Proceedings of NIPS 2017},
  year = {2017}
}

% ===== GRADIENT BOOSTING DECISION TREES =====

% 1. Friedman 2001 - Gradient Boosting (Klassische Referenz)
@article{Friedman2001,
  author = {Friedman, Jerome H.},
  title = {Greedy Function Approximation: A Gradient Boosting Machine},
  journal = {Annals of Statistics},
  volume = {29},
  number = {5},
  pages = {1189--1232},
  year = {2001},
  doi = {10.1214/aos/1013203451}
}

% 2. Chen & Guestrin 2016 - XGBoost
@inproceedings{Chen2016,
  author = {Chen, Tianqi and Guestrin, Carlos},
  title = {XGBoost: A Scalable Tree Boosting System},
  booktitle = {Proceedings of the 22nd ACM SIGKDD International Conference on Knowledge Discovery and Data Mining},
  pages = {785--794},
  year = {2016},
  doi = {10.1145/2939672.2939785}
}

@article{Breiman2001,
  author = {Breiman, Leo},
  title = {Random Forests},
  journal = {Machine Learning},
  volume = {45},
  number = {1},
  pages = {5--32},
  year = {2001},
  doi = {10.1023/A:1010933404324}
}

@book{Goodfellow2016,
  author = {Goodfellow, Ian and Bengio, Yoshua and Courville, Aaron},
  title = {Deep Learning},
  publisher = {MIT Press},
  year = {2016},
  isbn = {9780262035613}
}

@article{Bergstra2012,
  author = {Bergstra, James and Bengio, Yoshua},
  title = {Random Search for Hyper-Parameter Optimization},
  journal = {Journal of Machine Learning Research},
  volume = {13},
  number = {10},
  pages = {281--305},
  year = {2012},
  month = {February}
}
@inproceedings{Kohavi1995,
  author = {Kohavi, Ron},
  title = {A Study of Cross-Validation and Bootstrap for Accuracy Estimation and Model Selection},
  booktitle = {Proceedings of the 14th International Joint Conference on Artificial Intelligence (IJCAI-95)},
  pages = {1137--1145},
  year = {1995},
  location = {Montreal, Canada}
}
@article{Hodson2022,
  author = {Hodson, Timothy O.},
  title = {Root-mean-square error (RMSE) or mean absolute error (MAE): when to use them or not},
  journal = {Geoscientific Model Development},
  volume = {15},
  pages = {5481--5492},
  year = {2022},
  doi = {10.5194/gmd-15-5481-2022}
}

@article{ChaiDraxler2014,
  author = {Chai, Tianfeng and Draxler, Roland R.},
  title = {Root mean square error (RMSE) or mean absolute error (MAE)? Arguments against avoiding RMSE in the literature},
  journal = {Geoscientific Model Development},
  volume = {7},
  pages = {1247--1250},
  year = {2014},
  doi = {10.5194/gmd-7-1247-2014}
}

@article{ODonnell2024,
  author = {O'Donnell, James and others},
  title = {Determination of Multi-Component Failure in Automotive Applications},
  journal = {Journal of Computing and Information Science in Engineering},
  volume = {24},
  number = {2},
  article = {021005},
  year = {2024},
  doi = {10.1115/1.4063003}
}

@online{Porsche2023LMDh,
  author = {Porsche},
  title = {LMDh-Reglement: Beginn einer neuen Ära im Langstrecken-Motorsport},
  publisher = {Porsche Newsroom},
  year = {2023},
  url = {https://newsroom.porsche.com/de/pressemappen/le-mans-2023/LMDh-Reglement--Beginn-einer-neuen-Ära-im-Langstrecken-Motorsport.html},
  urldate = {2025-10-30}
}

@online{24hLeMans2025Classes,
  author = {{24 Hours of Le Mans}},
  title = {Classes: Le Mans Hypercar and LMDh},
  publisher = {24h Le Mans},
  year = {2025},
  url = {https://www.24h-lemans.com/en/lemans/classes},
  urldate = {2025-10-30}
}

@article{Guyon2003,
  author = {Guyon, Isabelle and Elisseeff, André},
  title = {An Introduction to Variable and Feature Selection},
  journal = {Journal of Machine Learning Research},
  volume = {3},
  pages = {1157--1182},
  year = {2003}
}


