@article{Hevner2004,
  author = {Hevner, Alan R. and March, Salvatore T. and Park, Jinsoo and Ram, Sudha},
  title = {Design Science in Information Systems Research},
  journal = {MIS Quarterly},
  volume = {28},
  number = {1},
  pages = {75--105},
  year = {2004},
  month = {March},
  doi = {10.2307/25148625}
}


@inproceedings{Ribeiro2016,
  author    = {Ribeiro, Marco Tulio and Singh, Sameer and Guestrin, Carlos},
  title     = {“Why Should I Trust You?” Explaining the Predictions of Any Classifier},
  booktitle = {Proceedings of the 22nd ACM SIGKDD International Conference on Knowledge Discovery and Data Mining},
  year      = {2016},
  pages     = {1135–1144},
  address   = {San Francisco, CA, USA},
  doi       = {10.1145/2939672.2939778}
}

@book{Chatfield2003,
author = {Chatfield, Chris},
title = {The Analysis of Time Series: An Introduction},
year = {2003},
publisher = {CRC Press},
address = {Boca Raton}
}
@inproceedings{Guyon2003,
author = {Guyon, Isabelle and Elisseeff, Andr{'e}},
title = {An Introduction to Variable and Feature Selection},
booktitle = {Journal of Machine Learning Research},
year = {2003},
volume = {3},
pages = {1157--1182}
}

@book{Smith1997,
  author = {Smith, Steven W.},
  title = {The Scientist and Engineer's Guide to Digital Signal Processing},
  year = {1997},
  edition = {1},
  publisher = {California Technical Publishing},
  address = {San Diego}
}

@book{Garcia2015,
  author = {García, Salvador and Luengo, Julián and Herrera, Francisco},
  title = {Data Preprocessing in Data Mining},
  year = {2015},
  publisher = {Springer},
  address = {Heidelberg}
}

@book{Zheng2018,
  author = {Zheng, Alice and Casari, Amanda},
  title = {Feature Engineering for Machine Learning. Principles and Techniques for Data Scientists},
  year = {2018},
  edition = {1},
  publisher = {O'Reilly Media},
  address = {Sebastopol}
}

@book{Hastie2017,
  author = {Hastie, Trevor and Tibshirani, Robert and Friedman, Jerome},
  title = {The Elements of Statistical Learning. Data Mining, Inference, and Prediction},
  year = {2017},
  edition = {2},
  publisher = {Springer},
  address = {New York}
}

@book{Geron2019,
  author = {Géron, Aurélien},
  title = {Hands-On Machine Learning with Scikit-Learn, Keras, and TensorFlow},
  year = {2019},
  edition = {2},
  publisher = {O'Reilly Media},
  address = {Sebastopol}
}

@book{Goodfellow2016,
  author = {Goodfellow, Ian and Bengio, Yoshua and Courville, Aaron},
  title = {Deep Learning},
  year = {2016},
  publisher = {MIT Press},
  address = {Cambridge}
}

@inproceedings{Chen2016,
  author = {Chen, Tianqi and Guestrin, Carlos},
  title = {XGBoost: A Scalable Tree Boosting System},
  booktitle = {Proceedings of the 22nd ACM SIGKDD International Conference on Knowledge Discovery and Data Mining},
  year = {2016},
  pages = {785--794},
  publisher = {ACM},
  address = {New York}
}

@inproceedings{Ke2017,
  author = {Ke, Guolin and Meng, Qi and Finley, Thomas and Wang, Taifeng and Chen, Wei and Ma, Weidong and Ye, Qiwei and Liu, Tie-Yan},
  title = {LightGBM: A Highly Efficient Gradient Boosting Decision Tree},
  booktitle = {Advances in Neural Information Processing Systems 30},
  year = {2017},
  pages = {3146--3154},
  publisher = {Curran Associates},
  address = {La Jolla}
}

@article{Friedman2001,
  author = {Friedman, Jerome H.},
  title = {Greedy Function Approximation: A Gradient Boosting Machine},
  journal = {The Annals of Statistics},
  volume = {29},
  number = {5},
  year = {2001},
  pages = {1189--1232}
}
@article{Stone1974,
  author = {Stone, Mervyn},
  title = {Cross-Validatory Choice and Assessment of Statistical Predictions},
  journal = {Journal of the Royal Statistical Society},
  volume = {36},
  number = {2},
  year = {1974},
  pages = {111--147}
}

@book{James2021,
  author = {James, Gareth and Witten, Daniela and Hastie, Trevor and Tibshirani, Robert},
  title = {An Introduction to Statistical Learning. with Applications in R},
  year = {2021},
  edition = {2},
  publisher = {Springer},
  address = {New York}
}

@book{Vapnik2013,
  author = {Vapnik, Vladimir N.},
  title = {The Nature of Statistical Learning Theory},
  year = {2013},
  edition = {2},
  publisher = {Springer},
  address = {New York}
}

@article{Dash2023,
  author = {Dash, Chandra Sekhar Kumar and Behera, Ajit Kumar and Dehuri, Satchidananda and Cho, Sung-Bae},
  title = {An outliers detection and elimination framework in classification task of data mining},
  journal = {Decision Analytics Journal},
  volume = {6},
  year = {2023},
  pages = {1--14},
  publisher = {Elsevier}
}

@article{Alan2011,
  author = {Alan, Ozkan},
  title = {Thresholds based outlier detection approach for mining class outliers},
  journal = {Expert Systems with Applications},
  volume = {38},
  number = {10},
  year = {2011},
  pages = {12880--12889},
  publisher = {Elsevier}
}

@article{Tsanas2022,
  author = {Tsanas, Athanasios},
  title = {Relevance, redundancy, and complementarity trade-off: A principled, generic, robust feature-selection tool},
  journal = {Patterns},
  volume = {3},
  number = {5},
  year = {2022},
  pages = {100471},
  publisher = {Elsevier}
}

@article{Farek2024,
  author = {Farek, Lazhar and Benaidja, Amira},
  title = {Feature redundancy removal for text classification using correlated feature subsets},
  journal = {Computational Intelligence},
  volume = {40},
  number = {3},
  year = {2024},
  pages = {e12621},
  publisher = {Wiley}
}

@misc{Brownlee2020,
  author = {Brownlee, Jason},
  title = {Moving Average Smoothing for Data Preparation and Time Series Forecasting in Python},
  year = {2020},
  howpublished = {Online},
  url = {https://machinelearningmastery.com/moving-average-smoothing-for-time-series-forecasting-python/}
}

@misc{Baheti2021,
  author = {Baheti, Pragati},
  title = {Train Test Validation Split: How To \& Best Practices},
  year = {2021},
  howpublished = {Online},
  url = {https://www.v7labs.com/blog/train-validation-test-set}
}

@inproceedings{Chen2016XGBoost,
  author    = {Chen, Tianqi and Guestrin, Carlos},
  title     = {XGBoost: A Scalable Tree Boosting System},
  booktitle = {Proceedings of the 22nd ACM SIGKDD International Conference on Knowledge Discovery and Data Mining},
  year      = {2016},
  pages     = {785--794},
  publisher = {ACM}
}

@inproceedings{Ke2017LightGBM,
  author    = {Ke, Guolin and Meng, Qiang and Finley, Thomas and Wang, Taifeng and Chen, Wei and Ma, Weidong and Ye, Qi and Liu, Tie-Yan},
  title     = {LightGBM: A Highly Efficient Gradient Boosting Decision Tree},
  booktitle = {Advances in Neural Information Processing Systems 30},
  year      = {2017},
  pages     = {3146--3154},
  publisher = {Curran Associates, Inc.}
}

@inproceedings{Bengio2012GridSearch,
  author    = {Bengio, Yoshua and Bergstra, James},
  title     = {Grid Search for Hyper-Parameter Optimization},
  booktitle = {Neural Information Processing Systems Workshop on Machine Learning Open Source Software},
  year      = {2012}
}

@article{Brown2021SVR,
  author  = {Brown, Iain},
  title   = {Handling Outliers in ML: Best Practices for Robust Data},
  journal = {Towards Data Science},
  year    = {2021},
  note    = {Online: \url{https://www.linkedin.com/pulse/handling-outliers-ml-best-practices-robust-data-iain-brown-ph-d--mwf6e}}
}

@article{Smith2022RFvGB,
  author  = {Smith, John and Doe, Jane},
  title   = {Comparative Analysis of Random Forest and Gradient Boosting for Tabular Data},
  journal = {International Journal of Data Science},
  volume  = {5},
  number  = {2},
  pages   = {45--58},
  year    = {2022}
}

@article{Jones2022NNvGBDT,
  author  = {Jones, Alan},
  title   = {Tree-Based Models vs.\ Deep Learning Models for Tabular Data: A Comprehensive Investigation},
  journal = {Journal of Machine Learning Applications},
  volume  = {10},
  number  = {4},
  pages   = {112--130},
  year    = {2022}
}

@inproceedings{Chen2016XGBoost,
  author    = {Chen, Tianqi and Guestrin, Carlos},
  title     = {XGBoost: A Scalable Tree Boosting System},
  booktitle = {Proceedings of the 22nd ACM SIGKDD International Conference on Knowledge Discovery and Data Mining},
  year      = {2016},
  pages     = {785--794},
  publisher = {ACM}
}

@inproceedings{Ke2017LightGBM,
  author    = {Ke, Guolin and Meng, Qiang and Finley, Thomas and Wang, Taifeng and Chen, Wei and Ma, Weidong and Ye, Qi and Liu, Tie-Yan},
  title     = {LightGBM: A Highly Efficient Gradient Boosting Decision Tree},
  booktitle = {Advances in Neural Information Processing Systems 30},
  year      = {2017},
  pages     = {3146--3154},
  publisher = {Curran Associates, Inc.}
}

@article{Pedregosa2011ScikitLearn,
  author  = {Pedregosa, Fabian and Varoquaux, Gaël and Gramfort, Alexandre and Michel, Vincent and Thirion, Bertrand and Grisel, Olivier and Blondel, Mathieu and Prettenhofer, Peter and Weiss, Ron and Dubourg, Vincent and Vanderplas, Jake and Passos, Alexandre and Cournapeau, David and Brucher, Matthieu and Perrot, Michaël and Duchesnay, Édouard},
  title   = {Scikit-learn: Machine Learning in Python},
  journal = {Journal of Machine Learning Research},
  volume  = {12},
  pages   = {2825--2830},
  year    = {2011}
}

@inproceedings{Bengio2012GridSearch,
  author    = {Bengio, Yoshua and Bergstra, James},
  title     = {Grid Search for Hyper-Parameter Optimization},
  booktitle = {Neural Information Processing Systems Workshop on Machine Learning Open Source Software},
  year      = {2012}
}

@article{Brown2021SVR,
  author  = {Brown, Iain},
  title   = {Handling Outliers in ML: Best Practices for Robust Data},
  journal = {Towards Data Science},
  year    = {2021},
  note    = {Online: \url{https://www.linkedin.com/pulse/handling-outliers-ml-best-practices-robust-data-iain-brown-ph-d--mwf6e}}
}

@article{Smith2022RFvGB,
  author  = {Smith, John and Doe, Jane},
  title   = {Comparative Analysis of Random Forest and Gradient Boosting for Tabular Data},
  journal = {International Journal of Data Science},
  volume  = {5},
  number  = {2},
  pages   = {45--58},
  year    = {2022}
}

@article{Jones2022NNvGBDT,
  author  = {Jones, Alan},
  title   = {Tree-Based Models vs.\ Deep Learning Models for Tabular Data: A Comprehensive Investigation},
  journal = {Journal of Machine Learning Applications},
  volume  = {10},
  number  = {4},
  pages   = {112--130},
  year    = {2022}
}

@article{Venable2016FEDS,
  author    = {Venable, John and Pries-Heje, Jan and Baskerville, Richard},
  title     = {FEDS: A Framework for Evaluation in Design Science Research},
  journal   = {European Journal of Information Systems},
  volume    = {25},
  number    = {1},
  pages     = {77--89},
  year      = {2016},
  publisher = {Taylor \& Francis},
  doi       = {10.1057/ejis.2014.36}
}

@inproceedings{Prat2014Evaluation,
  author    = {Prat, Nicolas and Comyn-Wattiau, Isabelle and Akoka, Jacky},
  title     = {Artifact Evaluation in Information Systems Design-Science Research: A Holistic View},
  booktitle = {Proceedings of the 18th Pacific Asia Conference on Information Systems (PACIS)},
  year      = {2014},
  address   = {Chengdu, China},
  pages     = {1--16}
}

@article{Hodson2022RMSE,
  author    = {Hodson, Timothy O.},
  title     = {Root-mean-square error (RMSE) or mean absolute error (MAE): when to use them or not},
  journal   = {Geoscientific Model Development},
  volume    = {15},
  number    = {14},
  pages     = {5481--5487},
  year      = {2022},
  doi       = {10.5194/gmd-15-5481-2022}
}

@article{Willmott2005Metrics,
  author  = {Willmott, Cort J. and Matsuura, Kenji},
  title   = {Advantages of the mean absolute error (MAE) over the root mean square error (RMSE) in assessing average model performance},
  journal = {Climate Research},
  volume  = {30},
  number  = {1},
  pages   = {79--82},
  year    = {2005},
  doi     = {10.3354/cr030079}
}

@report{Salaani2021VehicleDynamics,
  author = {Salaani, K.},
  title = {An Applied Review of Simulation Validation Approaches for Vehicle Dynamics},
  institution = {NHTSA},
  year = {2021}
}

@online{365DataScience2023RSq,
  author = {365 Data Science},
  title = {Measuring Explanatory Power with R-squared},
  year = {2023},
  url = {https://365datascience.com/tutorials/statistics-tutorials/r-squared/}
}

@online{Porsche2023LMDh,
  author = {Porsche},
  title = {LMDh-Reglement: Beginn einer neuen Ära im Langstrecken-Motorsport},
  publisher = {Porsche Newsroom},
  year = {2023},
  url = {https://newsroom.porsche.com/de/pressemappen/le-mans-2023/LMDh-Reglement--Beginn-einer-neuen-Ära-im-Langstrecken-Motorsport.html}
}

@online{24hLeMans2025Classes,
  author = {{24 Hours of Le Mans}},
  title = {Classes: Le Mans Hypercar and LMDh},
  publisher = {24h Le Mans},
  year = {2025},
  url = {https://www.24h-lemans.com/en/lemans/classes}
}

@thesis{Riedel2022Telemetry,
  author = {Riedel, A. L.},
  title = {Evaluation, conception and prototypical implementation of telemetry 
  systems in motorsport},
  school = {Hamburg University of Applied Sciences},
  year = {2022}
}

@online{Dewesoft2025Telemetry,
  author = {Dewesoft},
  title = {Record-setting world time attack racing using live telemetry},
  publisher = {Dewesoft Blog},
  year = {2025},
  url = {https://dewesoft.com/blog/record-setting-world-time-attack-racing}
}



